@Book{xie2015,
  title = {Dynamic Documents with {R} and knitr},
  author = {Yihui Xie},
  publisher = {Chapman and Hall/CRC},
  address = {Boca Raton, Florida},
  year = {2015},
  edition = {2nd},
  note = {ISBN 978-1498716963},
  url = {http://yihui.org/knitr/},
}

#https://escholarship.org/content/qt7j0003j0/qt7j0003j0.pdf?t=lnol2e
@incollection{mcnally2000four,
  title={The Four Step Model},
  author={McNally, Michael G},
  booktitle={Handbook of Transport Modelling},
  year={2000},
  publisher={Emerald Group Publishing Limited}
}

@Book{ortuzar94,
  author="Ortuzar,J.de D. and L.G.Willumsen",
  booktitle={Modelling Transport (second edition)},
  year={1994},
  publisher={Wiley}
}

#https://eml.berkeley.edu/reprints/mcfadden/zarembka.pdf
@article{mcfadden1973,
  title={Conditional logit analysis of qualitative choice behavior},
  author={McFadden, Daniel and others},
  year={1973},
  publisher={Institute of Urban and Regional Development, University of California Oakland}
}

#https://www-jstor-org.erl.lib.byu.edu/stable/pdf/3440992.pdf?refreqid=fastly-default%3A10d1e0a9b745020f3063a58c967ca92c&ab_segments=0%2FSYC-6294%2Fcontrol&origin=search-results
@article{manski2001,
  title={Daniel McFadden and the econometric analysis of discrete choice},
  author={Manski, Charles F},
  journal={The Scandinavian journal of economics},
  volume={103},
  number={2},
  pages={217--229},
  year={2001},
  publisher={JSTOR}
}

#https://www.sciencedirect.com/science/article/pii/B978012817340400005X
 @inbook{bhat20,
  place={Amsterdam i pozostałe},
  title={Chapter 5 - Consumer choice modeling: The promises and the cautions},
  booktitle={Mapping the travel behavior genome}, publisher={Elsevier},
  author={Goulias, Konstadinos G. and Davis, Adam Wilkinson and Bhat, Chandra R.},
  year={2020},
  pages={63–80}
}

#https://www.sciencedirect.com/science/article/abs/pii/0191261595000156
@article{bhat95,
  title={A heteroscedastic extreme value model of intercity travel mode choice},
  author={Bhat, Chandra R},
  journal={Transportation Research Part B: Methodological},
  volume={29},
  number={6},
  pages={471--483},
  year={1995},
  publisher={Elsevier}
}

#https://link.springer.com/article/10.1023/A:1020254301302#citeas
 @article{ben02,
  title={Hybrid choice models: Progress and challenges},
  volume={13}, DOI={10.1023/a:1020254301302},
  number={3},
  journal={Marketing Letters},
  author={Ben-Akiva, Moshe and Mcfadden, Daniel and Train, Kenneth and Walker, Joan and Bhat, Chandra and Bierlaire, Michel and Bolduc, Denis and Boersch-Supan, Axel and Brownstone, David and Bunch, David S. and et al.},
  year={2002},
  pages={163–175}
}

#https://repositories.lib.utexas.edu/handle/2152/23837
 @article{pinjari07,
  title={Modeling residential sorting effects to understand the impact of the built environment on Commute Mode Choice},
  volume={34},
  DOI={10.1007/s11116-007-9127-7},
  number={5},
  journal={Transportation},
  author={Pinjari, Abdul Rawoof and Pendyala, Ram M. and Bhat, Chandra R. and Waddell, Paul A.},
  year={2007},
  pages={557–573}
}

#https://www.sciencedirect.com/science/article/abs/pii/S0965856413001304
 @article{vij13,
  title={Incorporating the influence of latent modal preferences on travel mode choice behavior},
  volume={54},
  DOI={10.1016/j.tra.2013.07.008},
  journal={Transportation Research Part A: Policy and Practice},
  author={Vij, Akshay and Carrel, André and Walker, Joan L.},
  year={2013},
  pages={164–178}
}

#https://link.springer.com/article/10.1007/s11116-013-9504-3
 @article{paulssen14,
  title={Values, attitudes and travel behavior: A hierarchical latent variable mixed logit model of travel mode choice},
  volume={41},
  DOI={10.1007/s11116-013-9504-3},
  number={4},
  journal={Transportation},
  author={Paulssen, Marcel and Temme, Dirk and Vij, Akshay and Walker, Joan L.},
  year={2014},
  pages={873–888}
}

#https://pubsonline.informs.org/doi/abs/10.1287/mksc.5.4.275
@article{mcfadden86,
  title={The choice theory approach to market research},
  author={McFadden, Daniel},
  journal={Marketing science},
  volume={5},
  number={4},
  pages={275--297},
  year={1986},
  publisher={INFORMS}
}

 @article{ben02num2,
  title={Integration of choice and Latent Variable Models},
  DOI={10.1016/b978-008044044-6/50022-x},
  journal={In Perpetual Motion},
  author={Ben-Akiva, Moshe and Walker, Joan and Bernardino, Adriana T. and Gopinath, Dinesh A. and Morikawa, Taka and Polydoropoulou, Amalia},
  year={2002},
  pages={431–470}
}

@incollection{bhat99,
  title={Activity-based modeling of travel demand},
  author={Bhat, Chandra R and Koppelman, Frank S},
  booktitle={Handbook of transportation Science},
  pages={35--61},
  year={1999},
  publisher={Springer}
}

#https://www.tandfonline.com/doi/abs/10.3328/TL.2010.02.04.217-230
 @article{eluru10,
  title={An econometric multi-dimensional choice model of activity-travel behavior},
  volume={2},
  DOI={10.3328/tl.2010.02.04.217-230},
  number={4},
  journal={Transportation Letters},
  author={Eluru, Naveen and Pinjari, Abdul and Pendyala, Ram and Bhat, Chandra},
  year={2010},
  pages={217–230}
}

#https://content.ebscohost.com/cds/retrieve?content=AQICAHioQh6vaQ1f_660avHqehX5LEStxh3GpqBCg7yJ_AGctQEPV7fBJsFgvuFAHpYvMksqAAAA4zCB4AYJKoZIhvcNAQcGoIHSMIHPAgEAMIHJBgkqhkiG9w0BBwEwHgYJYIZIAWUDBAEuMBEEDLCLAWAeLSkhs0py9AIBEICBmxBz-MTDs_ZGiI4e-83ipoIGCTZB7TloN5ahvhuspIJPkoI-kG0c4MJMmRbVKMp7Ynu-FrG7DybM5HIaBIzpxmUP2ddEkDnH-5g0YhU6AM4sv3NzXhIDziFYqfn7ob9cVKaIL1Yo5nx_lPM8xly7HRt-jh2DB7_DOanJrcDORryJ5IaXgQSJLLfDFkw10nXj2lQ4fcyj37AnejqV
 @article{hasnine21,
  title={Tour-based mode choice modelling as the core of an activity-based travel demand modelling framework: A review of state-of-the-art},
  volume={41},
  DOI={10.1080/01441647.2020.1780648},
  number={1},
  journal={Transport Reviews},
  author={Hasnine, Md Sami and Nurul Habib, Khandker},
  year={2021},
  pages={5–26}
}

#https://trid.trb.org/view/639619
@inproceedings{bowman99,
  title={Demonstration of an activity-based model for Portland},
  author={Bowman, John L and Bradley, Mark and Shiftan, Yoram and Lawton, T Keith and Ben-Akiva, Moshe},
  booktitle={World Transport Research: Selected Proceedings of the 8th World Conference on Transport ResearchWorld Conference on Transport Research Society},
  number={Volume 3},
  year={1999}
}

#http://citeseerx.ist.psu.edu/viewdoc/download?doi=10.1.1.474.9610&rep=rep1&type=pdf
@book{arentze00,
  title={Albatross: a learning based transportation oriented simulation system},
  author={Arentze, Theo and Timmermans, Harry},
  year={2000},
  publisher={Citeseer}
}

#https://www.sciencedirect.com/science/article/abs/pii/S0965856499000439
 @article{bowman01,
  title={Activity-based disaggregate travel demand model system with activity schedules},
  volume={35},
  DOI={10.1016/s0965-8564(99)00043-9},
  number={1},
  journal={Transportation Research Part A: Policy and Practice},
  author={Bowman, J.L and Ben-Akiva, M.E},
  year={2001},
  pages={1–28}
}

#https://www-sciencedirect-com.erl.lib.byu.edu/science/article/pii/S0967070X9700005X
@article{pendyala97,
  title={An activity-based microsimulation analysis of transportation control measures},
  author={Pendyala, Ram M and Kitamura, Ryuichi and Chen, Cynthia and Pas, Eric I},
  journal={Transport Policy},
  volume={4},
  number={3},
  pages={183--192},
  year={1997},
  publisher={Elsevier}
}
